@PHDTHESIS {IronsThesis12,
    author = "D. E. Irons",
    title  = "Characterizing specific genetic and environmental influences on alcohol use",
    school = "University of Minnesota",
    year   = "2012",
    month  = "sep"
}

@ARTICLE {WakemanHenson15,
    author  = {Wakeman, D. G. and R. N. Henson},
    title   = {A multi-subject, multi-modal human neuroimaging dataset},
    journal = {Scientif. Data},
    year    = {2015},
    volume  = {2},
    pages   = {article 15001},
    note    = {DOI: 10.1038/sdata.2015.1}
}

@ARTICLE {FanLi12,
    author  = {Fan, Y. and R. Li},
    title   = {Variable selection in linear mixed effect models},
    journal = {Ann. Statist.},
    year    = {2012},
    volume  = {40},
    number  = {4},
    pages   = {2043--2068}
}

@ARTICLE {BondellKrishnaGhosh10,
    author  = "Bondell, H. D. and A. Krishna and S. K. Ghosh",
    title   = "Joint variable selection for fixed and random effects in linear mixed-effects models",
    journal = "Biometrics",
    year    = "2010",
    volume  = "66",
    pages   = "1069--1077"
}

@ARTICLE {PengLu12,
    author  = "Peng, H. and Y. Lu",
    title   = "Model selection in linear mixed effect models",
    journal = "J. Multivariate Anal.",
    year    = "2012",
    volume  = "109",
    pages   = "109--129"
}

@ARTICLE {ChatterjeeBose05,
    author  = "Chatterjee, S. and Bose, A.",
    title   = "Generalized bootstrap for estimating equations",
    journal = "Ann. Statist.",
    year    = "2005",
    volume  = "33",
    pages   = "414--436"
}

@ARTICLE {ZouLi08,
    author  = "Zou, H. and R. Li",
    title   = "One-step sparse estimates in nonconcave penalized likelihood models",
    journal = "Ann. Statist.",
    year    = "2008",
    volume  = "36",
    pages   = "1509--1533"
}

@article{locantore99,
        author={Locantore, N., and J.S. Marron and D.G. Simpson and N. Tripoli and J.T. Zhang and K.L. Cohen},
	title={Robost principal components of functional data},
	journal={TEST},
	volume={8},
	year = {1999},
	pages = {1-73}
}

@article{zuo03,
        author={Zuo, Y.},
	title={Projection-based depth functions and associated medians},
	journal={Ann. Statist.},
	volume={31},
	year = {2003},
	pages = {1460-1490}
}

@inproceedings{tukey75,
       author={Tukey, J.W.},
       title={Mathematics and picturing data},
	booktitle={Proceedings of the International Congress on Mathematics},
	editor={R.D. James},
       volume={2},
       year = {1975},
       pages = {523-531}
}

@article{zuo00,
        author={Zuo, Y. and R. Serfling},
	title={General notions of statistical depth functions},
	journal={Ann. Statist.},
	volume={28-2},
	year = {2000},
	pages = {461-482}
}

@article{Liu90,
       author={Liu, R.Y.},
       title={On a notion of data depth based on random simplices},
       journal={Ann. Statist.},
       volume={18},
       year = {1990},
       pages = {405-414}
}

