@book{Weis:appl:2005,
    author = {Weisberg, Sanford},
    title = {Applied Linear Regression},
    year = {2005},
    pages = {310},
    publisher = {John Wiley \& Sons},
}
