@ARTICLE {EloyanEtal14,
    author  = "Eloyan, A. and S. Li and J. Muschelli and others",
    title   = "{Analytic programming with FMRI data: a quick-start guide for statisticians using R}",
    journal = "PLoS One",
    year    = "2014",
    volume  = "9",
    pages   = "e89470",
    note    = "doi: 10.1371/journal.pone.0089470"
}

@ARTICLE {WakemanHenson15,
    author  = "Wakeman, D. G. and R. N. Henson",
    title   = "{A multi-subject, multi-modal human neuroimaging dataset}",
    journal = "Scientif. Data",
    year    = "2015",
    volume  = "2",
    pages   = "article 15001",
    note    = "DOI: 10.1038/sdata.2015.1"
}

@ARTICLE {CalhounEtal10,
    author  = "Calhoun, V. D. and T. Adali and V. B. Mcginty",
    title   = "{fMRI activation in a visual-perception task: network of areas detected using the general linear model and independent components analysis}",
    journal = "Neuroimage",
    year    = "2010",
    volume  = "14",
    pages   = "1080--1088"
}

@ARTICLE {Kirschen10,
    author  = "Kirschen, M. P. and Chen, S. H. and Desmond, J. E.",
    title   = "{Modality specific cerebro-cerebellar activations in verbal working memory: an fMRI study}",
    journal = "Behav. Neurol.",
    year    = "2010",
    volume  = "23",
    pages   = "51--63"
}