@ARTICLE {RousseeuwHubert99,
    author  = "Rousseeuw, P. and M. Hubert",
    title   = "{Regression Depth}",
    journal = "{J. Amer. Statist. Assoc}",
    year    = "1999",
    volume  = "94",
    pages   = "388–-402"
}

@ARTICLE {Mizera02,
    author  = "Mizera, I.",
    title   = "{On Depth and Deep Points: A Calculus}",
    journal = "Ann. Statist.",
    year    = "2002",
    volume  = "30",
    pages   = "1681–-1736"
}

@INCOLLECTION {SerflingReview06,
    author    = "Serfling, R.",
    title     = "{Depth Functions in Nonparametric Robust Inference}",
    booktitle = "{DIMACS Series  in Discrete Mathematics and Theoretical Computer Science}",
    publisher = "AMS and DIMACS",
    year      = "2006",
    volume    = "72",
    pages     = "1--16"
}

@ARTICLE {SBVanAelst08,
    author  = "Salibian-Barrera, M. and S. {Van Aelst}",
    title   = "Robust model selection using fast and robust bootstrap",
    journal = "Comp. Statist. Data Anal.",
    year    = "2008",
    volume  = "52",
    pages   = "5121--5135"
}

@ARTICLE {SBZamar02,
    author  = "Salibian-Barrera, M. and R. H. Zamar",
    title   = "Bootstrapping robust estimates of regression",
    journal = "Ann. Statist.",
    year    = "2002",
    volume  = "20",
    number  = "2",
    pages   = "556--582"
}

@ARTICLE {PaindaveineJASA2013,
    author  = "Paindaveine, D. and G. Van bever",
    title   = "{From Depth to Local Depth: A Focus on Centrality}",
    journal = "J. Amer. Statist. Assoc.",
    year    = "2013",
    volume  = "108",
    pages   = "1105--1119"
}

@ARTICLE {NarisettyNair16,
    author  = "Narisetty, N. N. and V. N. Nair",
    title   = "{Extremal Depth for Functional Data and Applications}",
    journal = "J. Amer. Statist. Assoc.",
    year    = "2016",
    volume  = "111",
    pages   = "1705--1714"
}

@ARTICLE {Sguera16,
    author  = "Sguera, C. and P. Galeano and R. E. Lillo",
    title   = "{Functional outlier detection by a local depth with application to NOx levels}",
    journal = "Stoch. Envir. Res. and Risk Assess.",
    year    = "2016",
    volume  = "30",
    pages   = "1115–-1130"
}

@unpublished {LeskelaVihola15,
    author  = "{Leskel\"{a}}, L. and M. Vihola",
    title   = "{Conditional convex orders and measurable martingale couplings}",
    note   = "arXiv:1404.0999",
    year    = "2015"
}

%@UNPUBLISHED {LeskelaVihola15,
%    author = "Leskel\"{a}, L. and M. Vihola",
%    title  = "{Conditional convex orders and measurable martingale couplings}",
%    note   = "arXiv:1404.0999",
%    year   = "2015"
%}

@ARTICLE {DedeckerMichel11,
    author  = "Dedecker, J. and B. Michel",
    title   = "{Deconvolution for the Wasserstein metric and geometric inference}",
    journal = "Electron. J. Statist.",
    year    = "2011",
    volume  = "5",
    pages   = "1394–-1423"
}